@misc{diversitypage,
  title={Diversity, Equity \& Inclusion | UA Science | Physics},
  url={https://w3.physics.arizona.edu/diversity-equity-inclusion},
  journal={Resources},
  author={University of Arizona}, year={2023}, month={Aug}
}

@misc{campusplan,
  title={A Vision for Our Campus | Diversity},
  url={https://diversity.arizona.edu/strategic-plan/vision-our-campus},
  journal={Resources},
  author={University of Arizona}, year={2023}, month={Aug}
}
