@misc{diversitypage,
  title={PMA DEI},
  url={https://pmadei.sites.caltech.edu/},
  journal={Diversity, Equity, Inclusion in PMA},
  author={Caltech}, year={2023}, month={Oct}
}

@misc{campusplan,
  title={Inclusion and Diversity},
  url={https://diversity.caltech.edu/},
  journal={Center for Inclusion \& Diversity},
  author={Caltech}, year={2023}, month={Oct}
}
