@misc{diversitypage,
  title={Inclusion | Department of Physics},
  url={https://physics.cornell.edu/inclusion},
  journal={Inclusion},
  author={Cornell}, year={2023}, month={Oct}
}

@misc{campusplan,
  title={Our Commitments | Cornell University},
  url={https://diversity.cornell.edu/our-commitments},
  journal={Diversity and Inclusion},
  author={Cornell}, year={2023}, month={Oct}
}
