@misc{shutdownstem,
  title={ShutDownSTEM | Equity and Inclusion, Department of Physics},
  url={https://equityinclusion.physics.harvard.edu/shutdownstem},
  journal={Looking Back and Moving Forward},
  author={Sachdev, Subir}, year={2022}, month={Sep}
}
