@misc{diversitypage,
  title={Committee for Diversity and Inclusion | Physics \& Astronomy | Johns Hopkins University},
  url={https://physics-astronomy.jhu.edu/about/committee-for-diversity-and-inclusion/},
  journal={Zanvyl Krieger School of Arts \& Sciences Department of Physics \& Astronomy},
  author={John Hopkins University}, year={2022}, month={Oct}
}

@misc{campusplan,
  title={Second JHU Roadmap on Diversity, Equity, and Inclusion | Diversity at JHU},
  url={https://diversity.jhu.edu/second-jhu-roadmap-on-diversity-equity-and-inclusion/},
  journal={Office of Diversity and Inclusion},
  author={John Hopkins University}, year={2022}, month={Oct}
}
