misc{,
  title= {},
  author = {Giordon Stark},
  month = {},
  year = {},
  note= {},
  url= {},
}

@Article{Chen2019,
  author={Chen, Xiaoli and others},
  title={Open is not enough},
  journal={Nature Physics},
  year={2019},
  month={Feb},
  day={01},
  volume={15},
  number={2},
  pages={113-119},
  abstract={The solutions adopted by the high-energy physics community to foster reproducible research are examples of best practices that could be embraced more widely. This first experience suggests that reproducibility requires going beyond openness.},
  issn={1745-2481},
  doi={10.1038/s41567-018-0342-2},
  url={https://doi.org/10.1038/s41567-018-0342-2}
}

@misc{gitlabStory2018,
  url={https://about.gitlab.com/customers/cern/},
  author={GitLab},
  month = {October},
  year = {2018}
}

@misc{irishep2020,
  title={Analysis Preservation Bootcamp},
  url={https://iris-hep.org/2020/02/17/analysis-preservation.html},
  journal={Institute for Research and Innovation in Software for High Energy Physics},
  publisher={IRIS-HEP},
  author={Lukas Heinrich and Kyle Cranmer},
  year={2020},
  month={Feb}
}

@misc{PA70c,
  title = {Basic Web Programming Overview - PA70c},
  author = {Giordon Stark},
  month = {January},
  year = {2010},
  url = {https://mh-web3.caltech.edu/PDF/BasicWebProgramming.pdf},
}


@misc{GuardianDisability2021,
  url={https://www.theguardian.com/society/2021/nov/04/the-high-cost-of-living-in-a-disabling-world},
  journal={The Guardian},
  publisher={Guardian News and Media},
  year={2021},
  month={Nov}
}

@misc{SnowmassLOI,
  title = {Diversity and Inclusion: Making Physics Accessible},
  author = {Giordon Stark},
  month = {December},
  year = {2020},
  note = {Snowmass Community Frontier Paper Draft},
  url = {https://kratsg.github.io/snowmass2021-loi-commf/artifact/main.pdf},
}

@misc{MatterInterpretation,
  title={A matter of interpretation},
  url={https://www.symmetrymagazine.org/article/a-matter-of-interpretation-asl-physics},
  journal={symmetry magazine},
  author={Ayshford, Emily}
}

@misc{cern_2017,
  title={How do the LHC experiments work? - youtube},
  url={https://www.youtube.com/watch?v=BaGjAruqFec},
  journal={How do the LHC experiments work?},
  author={CERN},
  year={2017},
  month={Feb}
}

@Article{Malik2021,
  author={Malik, Sudhir and others},
  title={Software Training in HEP},
  journal={Computing and Software for Big Science},
  year={2021},
  month={Oct},
  day={08},
  volume={5},
  number={1},
  pages={22},
  issn={2510-2044},
  doi={10.1007/s41781-021-00069-9},
  url={https://doi.org/10.1007/s41781-021-00069-9}
}

@Booklet{ATL-PHYS-PUB-2021-038,
    author         = "{ATLAS Collaboration}",
    title          = "{Implementation of simplified likelihoods in HistFactory for searches for supersymmetry}",
    howpublished   = "{ATL-PHYS-PUB-2021-038}",
    url            = "http://cdsweb.cern.ch/record/2782654",
    month          = "9",
    year           = "2021",
}

@article{Cranmer:2021urp,
    author = "Cranmer, Kyle and others",
    title = "{Publishing statistical models: Getting the most out of particle physics experiments}",
    eprint = "2109.04981",
    archivePrefix = "arXiv",
    primaryClass = "hep-ph",
    month = "9",
    year = "2021"
}

@Article{SUSY-2019-09,
    author         = "{ATLAS Collaboration}",
    title          = "{Search for chargino--neutralino pair production in final states with three leptons and missing transverse momentum in $\sqrt{s} = 13\;\mbox{TeV}$ $pp$ collisions with the ATLAS detector}",
    year           = "2021",
    reportNumber   = "CERN-EP-2021-059",
    eprint         = "2106.01676",
    archivePrefix  = "arXiv",
    primaryClass   = "hep-ex",
}

@article{ pyhfCHEP2020,
	author = {{Feickert, Matthew} and {Heinrich, Lukas} and {Stark, Giordon}},
	title = {Likelihood preservation and statistical reproduction of searches for new physics},
	DOI= "10.1051/epjconf/202024506017",
	url= "https://doi.org/10.1051/epjconf/202024506017",
	journal = {EPJ Web Conf.},
	year = 2020,
	volume = 245,
	pages = "06017",
}

@book{Stark2020,
  doi = {10.1007/978-3-030-34548-8},
  url = {https://doi.org/10.1007/978-3-030-34548-8},
  year = {2020},
  publisher = {Springer International Publishing},
  author = {Giordon Stark},
  title = {The Search for Supersymmetry in Hadronic Final States Using Boosted Object Reconstruction}
}

@article{Abdallah:2020pec,
      author         = "Abdallah, Waleed and others",
      title          = "{Reinterpretation of LHC Results for New Physics: Status
                        and Recommendations after Run 2}",
      collaboration  = "LHC Reinterpretation Forum",
      year           = "2020",
      eprint         = "2003.07868",
      archivePrefix  = "arXiv",
      primaryClass   = "hep-ph",
      reportNumber   = "CERN-LPCC-2020-001, FERMILAB-FN-1098-CMS-T,
                        Imperial/HEP/2020/RIF/01",
      SLACcitation   = "%%CITATION = ARXIV:2003.07868;%%"
}

@techreport{ATL-PHYS-PUB-2019-029,
      title         = "{Reproducing searches for new physics with the ATLAS
                       experiment through publication of full statistical
                       likelihoods}",
      institution   = "CERN",
      collaboration = "ATLAS Collaboration",
      address       = "Geneva",
      number        = "ATL-PHYS-PUB-2019-029",
      month         = "Aug",
      year          = "2019",
      reportNumber  = "ATL-PHYS-PUB-2019-029",
      url           = "http://cds.cern.ch/record/2684863",
}

@Article{SUSY-2016-10,
    author         = "{ATLAS Collaboration}",
    title          = "{Search for Supersymmetry in final states with missing transverse momentum and multiple $b$-jets in proton--proton collisions at $\sqrt{s} = 13\;\mbox{TeV}$ with the ATLAS detector}",
    year           = "2017",
    reportNumber   = "CERN-EP-2017-182",
    eprint         = "1711.01901",
    archivePrefix  = "arXiv",
    primaryClass   = "hep-ex",
}

@Article{SUSY-2015-10,
    author         = "{ATLAS Collaboration}",
    title          = "{Search for pair production of gluinos decaying via stop and sbottom in events with $b$-jets and large missing transverse momentum in $pp$ collisions at $\sqrt{s} = 13\;\mbox{TeV}$ with the ATLAS detector}",
    journal        = "Phys. Rev. D",
    volume         = "94",
    year           = "2016",
    pages          = "032003",
    doi            = "10.1103/PhysRevD.94.032003",
    reportNumber   = "CERN-EP-2016-061",
    eprint         = "1605.09318",
    archivePrefix  = "arXiv",
    primaryClass   = "hep-ex",
}

@Booklet{Begel:2233958,
      author        = "{ATLAS Collaboration}",
      title         = "{Global Feature Extractor of the Level-1 Calorimeter
                       Trigger: ATLAS TDAQ Phase-I Upgrade gFEX Final Design
                       Report}",
      institution   = "CERN",
      address       = "Geneva",
      number        = "ATL-COM-DAQ-2016-184",
      month         = "Nov",
      year          = "2016",
      reportNumber  = "ATL-COM-DAQ-2016-184",
      url           = "https://cds.cern.ch/record/2233958",
}

@techreport{Tang:2104248,
      author        = "{ATLAS Collaboration}",
      title         = "{gFEX, the ATLAS Calorimeter Level-1 Real Time Processor}",
      institution   = "CERN",
      address       = "Geneva",
      number        = "ATL-DAQ-PROC-2015-059",
      month         = "Nov",
      year          = "2015",
      reportNumber  = "ATL-DAQ-PROC-2015-059",
      url           = "https://cds.cern.ch/record/2104248",
}

@Booklet{ATLAS-CONF-2017-081,
    author         = "{ATLAS Collaboration}",
    title          = "{Search for pair production of higgsinos in final states with at least three $b$-tagged jets using the ATLAS detector in $\sqrt{s} = 13\;\mbox{TeV}$ $pp$ collisions}",
    howpublished   = "{ATLAS-CONF-2017-081}",
    url            = "https://cds.cern.ch/record/2297400",
    year           = "2017",
}

@Booklet{ATLAS-CONF-2017-021,
    author         = "{ATLAS Collaboration}",
    title          = "{Search for production of supersymmetric particles in final states with missing transverse momentum and multiple $b$-jets at $\sqrt{s} = 13\;\mbox{TeV}$ proton-proton collisions with the ATLAS detector}",
    howpublished   = "{ATLAS-CONF-2017-021}",
    url            = "https://cds.cern.ch/record/2258143",
    year           = "2017",
}

@Booklet{ATLAS-CONF-2016-052,
    author         = "{ATLAS Collaboration}",
    title          = "{Search for pair production of gluinos decaying via top or bottom squarks in events with $b$-jets and large missing transverse momentum in $pp$ collisions at $\sqrt{s} = 13\;\mbox{TeV}$ with the ATLAS detector}",
    howpublished   = "{ATLAS-CONF-2016-052}",
    url            = "https://cds.cern.ch/record/2206134",
    year           = "2016",
}

@Booklet{ATLAS-CONF-2015-067,
    author         = "{ATLAS Collaboration}",
    title          = "{Search for pair-production of gluinos decaying via stop and sbottom in events with $b$-jets and large missing transverse momentum in $\sqrt{s} = 13\;\mbox{TeV}$ $pp$ collisions with the ATLAS detector}",
    howpublished   = "{ATLAS-CONF-2015-067}",
    url            = "https://cds.cern.ch/record/2114839",
    year           = "2015",
}

@Booklet{ATL-PHYS-PUB-2015-035,
    author         = "{ATLAS Collaboration}",
    title          = "{Expected Performance of Boosted Higgs ($\rightarrow b\bar{b}$) Boson Identification with the ATLAS Detector at $\sqrt{s} = 13\;\mbox{TeV}$}",
    howpublished   = "{ATL-PHYS-PUB-2015-035}",
    url            = "https://cds.cern.ch/record/2042155",
    year           = "2015",
}
misc{,
  title= {},
  author = {Giordon Stark},
  month = {},
  year = {},
  note= {},
  url= {},
}

@misc{ICPS2021,
  title = {PARTY CALL PHYSICS: when access and physics collide},
  author = {Giordon Stark},
  month = {August},
  year = {2021},
  note = {A Keynote Speaker for the International Conference of Physics Students, 2021},
  url = {https://events.iaps.info/event/9/page/5-keynote-speakers},
}

@misc{AwesomeFeb2020,
  title= {Analysis Preservation Bootcamp},
  author = {Giordon Stark},
  month = {February},
  year = {2020},
  note= {One of the core instructors for the analysis preservation workshop at CERN},
  url= {https://indico.cern.ch/e/awesome},
}

@misc{USATLASBootcamp2019,
  title= {USATLAS/FIRST-HEP Computing Bootcamp},
  author = {Giordon Stark},
  month = {August},
  year = {2019},
  note= {One of the core instructors for the USATLAS Software Bootcamp at LBNL},
  url= {https://indico.cern.ch/event/816946/},
}


@misc{DPF2019DnI,
  title= {PARTY CALL PHYSICS: when access and physics collide},
  author = {Giordon Stark},
  month = {August},
  year = {2019},
  note= {2019 Meeting of the Division of Particles \& Fields of the American Physical Society},
  url= {https://indico.cern.ch/event/782953/contributions/3454898/},
}

@misc{SUSY2019,
  title= {SUSY in ATLAS Experiment},
  author = {Giordon Stark},
  month = {May},
  year = {2019},
  note= {XXVIIth International Conference on Supersymmetry and Unification of Fundamental Interactions (SUSY 2019)},
  url= {https://cds.cern.ch/record/2675305},
}
@misc{ATLASInduction2018,
  title= {Using GitLab for Analysis Code and Continuous Integration},
  author = {Giordon Stark},
  month = {January},
  year = {2018},
  note= {US ATLAS Induction Week, early 2018},
  url= {https://indico.cern.ch/event/684668},
}

@misc{ATLASPnP2018Pileup,
  title= {Searches in High Pile-up Environment},
  author = {Giordon Stark},
  month = {February},
  year = {2018},
  note= {ATLAS P \& P Week, Topical Physics Plenary: Physics with high pile-up},
  url= {https://indico.cern.ch/event/698458/},
}

@misc{HFSF2017,
  title= {Forward jet shapes in high pile-up},
  author = {Giordon Stark},
  month = {December},
  year = {2017},
  note= {Hadronic Final State Forum 2017},
  url= {https://indico.cern.ch/event/666007/},
}

@misc{ATLASPnP2017GitLab,
  title= {Using GitLab for Analysis Code Management},
  author = {Giordon Stark},
  month = {December},
  year = {2017},
  note= {ATLAS P\&P Week with 120ifb: ASG Parallel Session},
  url= {https://indico.cern.ch/event/681128/},
}

@misc{USLUA2017,
  title= {Search for production of supersymmetric particles in final states with missing transverse momentum and multiple b-jets at s=$\sqrt{13}$~TeV proton-proton collisions with the ATLAS experiment},
  author = {Giordon Stark},
  month = {November},
  year = {2017},
  note= {US LHC Users Association Annual Meeting, 2017},
  url= {https://indico.fnal.gov/event/15068/},
}

@misc{ATLASWeekBratislava,
  title= {Release 21 and 2017 data scrutiny — final report},
  author = {Giordon Stark},
  month = {October},
  year = {2017},
  note= {ATLAS Week (Bratislava)},
  url= {https://indico.cern.ch/event/558932},
}

@misc{HCW2017,
  title= {L1Calo Simulation Effort for Run-2 Upgrades},
  author = {Giordon Stark},
  month = {September},
  year = {2017},
  note= {Hadronic Calibration Workshop 2017},
  url= {https://indico.cern.ch/event/642438},
}

@misc{DPF2017SUSY,
  title= {Search for production of supersymmetric particles in final states with missing transverse momentum and multiple b-jets at s=$\sqrt{13}$~TeV proton-proton collisions with the ATLAS experiment},
  author = {Giordon Stark},
  month = {August},
  year = {2017},
  note= {APS Division of Particles and Fields 2017},
  url= {https://indico.fnal.gov/event/11999/session/10/contribution/191},
}

@misc{DPF2017gFEX,
  title= {The Calorimeter Global Feature Extractor (gFEX) for the Phase-I Upgrade of the ATLAS experiment},
  author = {Giordon Stark},
  month = {August},
  year = {2017},
  note= {APS Division of Particles and Fields 2017},
  url= {https://indico.fnal.gov/event/11999/session/21/contribution/192},
}

@misc{USATLAS2017BOOST,
  title= {New techniques in Boosted Object Reconstruction},
  author = {Giordon Stark},
  month = {July},
  year = {2017},
  note= {US ATLAS Workshop 2017},
  url= {https://indico.cern.ch/event/631514/contributions/2670476/},
}

@misc{USATLAS2017gFEX,
  title= {The Calorimeter Global Feature Extractor (gFEX) for the Phase-I Upgrade of the ATLAS experiment},
  author = {Giordon Stark},
  month = {July},
  year = {2017},
  note= {US ATLAS Workshop 2017},
  url= {https://indico.cern.ch/event/631514/contributions/2656535/},
}

@misc{USATLAS2017SUSY,
  title= {Search for production of supersymmetric particles in final states with missing transverse momentum and multiple b-jets at s=$\sqrt{13}$~TeV proton-proton collisions with the ATLAS experiment},
  author = {Giordon Stark},
  month = {July},
  year = {2017},
  note= {US ATLAS Workshop 2017},
  url= {https://indico.cern.ch/event/631514/contributions/2656482/},
}

@misc{HFSF2016,
  title= {gFEX jet calibration},
  author = {Giordon Stark},
  month = {December},
  year = {2016},
  note= {Hadronic Final State Forum 2016},
  url= {https://indico.cern.ch/event/565930/},
}

@misc{BOOST2016,
  title= {SUSY using boosted techniques at ATLAS},
  author = {Giordon Stark},
  month = {August},
  year = {2016},
  note= {BOOST 2016},
  url= {https://indico.cern.ch/event/439039},
}

@misc{HCW2016,
  title= {gFEX Online Object Kinematics and Preliminary Rates},
  author = {Giordon Stark},
  month = {September},
  year = {2016},
  note= {Hadronic Calibration Workshop 2016},
  url= {https://indico.cern.ch/event/506093/},
}

@misc{ATLASWeek2016gFEX,
  title= {Boosted object hardware trigger development and testing for the upgrades of the ATLAS Experiment},
  author = {Giordon Stark},
  month = {July},
  year = {2016},
  note= {Poster Session ATLAS Week NYU},
  url= {https://indico.cern.ch/event/544717/},
}

@misc{ATLASWeek2016SUSY,
  title= {Search for gluinos in Run 2 using final states with boosted top quarks, b-jets and large missing energy with the ATLAS Detector},
  author = {Giordon Stark},
  month = {July},
  year = {2016},
  note= {Poster Session ATLAS Week NYU},
  url= {https://indico.cern.ch/event/544717/},
}

@misc{HFSF2015,
  title= {Jets: An Origin Story about Origin-Correction},
  author = {Giordon Stark},
  month = {December},
  year = {2015},
  note= {Hadronic Final State Forum 2015},
  url= {https://indico.cern.ch/event/437024/},
}

@misc{YRS2015,
  title= {Boosted object hardware trigger development and testing for the Phase I upgrade of the ATLAS Experiment},
  author = {Giordon Stark},
  month = {November},
  year = {2015},
  note= {Young Researchers' Symposium at BNL},
  url= {https://www.bnl.gov/bnlyrs2015/index.php},
}

@misc{HCW2015SUSY,
  title= {Multi-b-jet top-tagging optimizations in boosted-0L region},
  author = {Giordon Stark},
  month = {September},
  year = {2015},
  note= {Hadronic Calibration Workshop 2015},
  url= {https://indico.cern.ch/event/368856/contributions/1785727/},
}

@misc{HCW2015gFEX,
  title= {gTowers as a proxy for subjets},
  author = {Giordon Stark},
  month = {September},
  year = {2015},
  note= {Hadronic Calibration Workshop 2015},
  url= {https://indico.cern.ch/event/368856/contributions/1785772/},
}

@misc{HCW2015Reclustering,
  title= {Jet Reclustering in a Single Bound},
  author = {Giordon Stark},
  month = {September},
  year = {2015},
  note= {Hadronic Calibration Workshop 2015},
  url= {https://indico.cern.ch/event/368856/contributions/1785890/},
}

@misc{HCW2015JSSU,
  title= {JetSubstructureUtils: Substructure Taggers, Subjet Finding, and Shower Deconstruction},
  author = {Giordon Stark},
  month = {September},
  year = {2015},
  note= {Hadronic Calibration Workshop 2015},
  url= {https://indico.cern.ch/event/368856/contributions/1785785/},
}

@misc{USATLAS2015,
  title= {Boosted object hardware trigger development and testing for the Phase I upgrade of the ATLAS Experiment},
  author = {Giordon Stark},
  month = {June},
  year = {2015},
  note= {US ATLAS Physics Workshop},
  url= {https://indico.cern.ch/event/388328},
}

@misc{APS2015,
  title= {Boosted object hardware trigger development and testing for the Phase I upgrade of the ATLAS Experiment},
  author = {Giordon Stark},
  month = {April},
  year = {2015},
  note= {APS April Meeting},
  url= {http://meetings.aps.org/Meeting/APR15/Session/C16.6},
}

@misc{USLUA2014,
  title= {The Global Feature Extraction (gFEX) module and its Physics Impact},
  author = {Giordon Stark},
  month = {November},
  year = {2014},
  note= {US LHC Users Association Annual Meeting 2014},
  url= {https://indico.hep.anl.gov/indico/conferenceDisplay.py?confId=410},
}
@article{pyhfFuncX,
	author = {{Feickert, Matthew} and {Heinrich, Lukas} and {Stark, Giordon} and {Galewsky, Ben}},
	title = {Distributed statistical inference with pyhf enabled through funcX},
	DOI= "10.1051/epjconf/202125102070",
	url= "https://doi.org/10.1051/epjconf/202125102070",
	journal = {EPJ Web Conf.},
	year = 2021,
	volume = 251,
	pages = "02070",
}

@inproceedings{Malik:2021lgv,
    author = "Malik, Sudhir and others",
    title = "{Software Training in HEP}",
    booktitle = "{25th International Conference on Computing in High-Energy and Nuclear Physics}",
    eprint = "2103.00659",
    archivePrefix = "arXiv",
    primaryClass = "hep-ex",
    month = "2",
    year = "2021"
}

@article{Heinrich2021,
  doi = {10.21105/joss.02823},
  url = {https://doi.org/10.21105/joss.02823},
  year = {2021},
  publisher = {The Open Journal},
  volume = {6},
  number = {58},
  pages = {2823},
  author = {Lukas Heinrich and Matthew Feickert and Giordon Stark and Kyle Cranmer},
  title = {pyhf: pure-Python implementation of HistFactory statistical models},
  journal = {Journal of Open Source Software}
}

@misc{lukas_2019_3334365,
  author       = {Giordon Stark and
                  Lukas Heinrich and
                  Matthew Feickert},
  title        = {diana-hep/pyhf: v0.1.2},
  month        = jul,
  year         = 2019,
  doi          = {10.5281/zenodo.3334365},
  url          = {https://doi.org/10.5281/zenodo.3334365}
}

@article{Noel_Dawe_2017,
	doi = {10.21105/joss.00307},
	url = {https://doi.org/10.21105%2Fjoss.00307},
	year = 2017,
	month = {aug},
	publisher = {The Open Journal},
	volume = {2},
	number = {16},
	pages = {307},
	author = {Edmund Noel Dawe and Piti Ongmongkolkul and Giordon Stark},
	title = {root{\_}numpy: The interface between {ROOT} and {NumPy}},
	journal = {The Journal of Open Source Software}
}

@software{giordon_stark_2020_3743307,
  author       = {Giordon Stark and
                  Marco Milesi and
                  John Alison and
                  Gabriel Facini and
                  Karol Krizka and
                  Jeffrey Dandoy and
                  Tadej Novak and
                  Jonathan Bossio and
                  Federico Scutti and
                  Matthew LeBlanc and
                  Leigh Schaefer and
                  Brian Tuan and
                  Matthew Feickert and
                  William Kalderon and
                  Alexander Tuna and
                  Miha Muskinja and
                  Joakim Olsson and
                  Lawrence Lee Jr and
                  Baojia Tong and
                  Tao Hyoun Park and
                  Maximilian Swiatlowski and
                  Tomo Lazovich and
                  Benjamin Carlson and
                  Caterina Doglioni and
                  Robert Hankache and
                  Meghan Frate and
                  Vincent Pascuzzi and
                  Stephen Sekula and
                  Robin Newhouse and
                  Marta Perego and
                  Mariana Toscani and
                  Lars Henkelmann and
                  Laurie McClymont and
                  Katherina Pachal and
                  Chase Shimmin and
                  Christina Nelson and
                  Brian Amadio and
                  Beojan Stanislaus and
                  William Balunas and
                  Nicole Hartman and
                  Jennifer Roloff and
                  Jannik Geisen and
                  Dale Abbott and
                  Christian Ohm and
                  Cole Helling and
                  Claire Antel and
                  Alexander Emerman and
                  Aviv Cukierman and
                  Andrea Coccaro},
  title        = {xAODAnaHelpers, v1.0.0},
  month        = apr,
  year         = 2020,
  publisher    = {Zenodo},
  version      = {v1.0.0},
  doi          = {10.5281/zenodo.3743307},
  url          = {https://doi.org/10.5281/zenodo.3743307}
}

@article{canetti2012matter,
  title={Matter and Antimatter in the Universe},
  author={Canetti, Laurent and Drewes, Marco and Shaposhnikov, Mikhail},
  journal={New Journal of Physics},
  volume={14},
  number={9},
  pages={095012},
  year={2012},
  publisher={IOP Publishing}
}

@inproceedings{Baer:2013ava,
      author         = "Baer, Howard and Barger, Vernon and Huang, Peisi and
                        Mickelson, Dan and Mustafayev, Azar and Tata, Xerxes",
      title          = "{Naturalness, Supersymmetry and Light Higgsinos: A
                        Snowmass Whitepaper}",
      booktitle      = "{Proceedings, 2013 Community Summer Study on the Future
                        of U.S. Particle Physics: Snowmass on the Mississippi
                        (CSS2013): Minneapolis, MN, USA, July 29-August 6, 2013}",
      url            = "https://inspirehep.net/record/1238302/files/arXiv:1306.2926.pdf",
      year           = "2013",
      eprint         = "1306.2926",
      archivePrefix  = "arXiv",
      primaryClass   = "hep-ph",
      SLACcitation   = "%%CITATION = ARXIV:1306.2926;%%"
}

@article{bertone2005particle,
  title={Particle dark matter: Evidence, candidates and constraints},
  author={Bertone, Gianfranco and Hooper, Dan and Silk, Joseph},
  journal={Physics Reports},
  volume={405},
  number={5-6},
  pages={279--390},
  year={2005},
  publisher={Elsevier}
}

@article{Ade:2015xua,
      author         = "Ade, P. A. R. and others",
      title          = "{Planck 2015 results. XIII. Cosmological parameters}",
      collaboration  = "Planck",
      journal        = "Astron. Astrophys.",
      volume         = "594",
      year           = "2016",
      pages          = "A13",
      doi            = "10.1051/0004-6361/201525830",
      eprint         = "1502.01589",
      archivePrefix  = "arXiv",
      primaryClass   = "astro-ph.CO",
      SLACcitation   = "%%CITATION = ARXIV:1502.01589;%%"
}

@article{tHooft:1980xss,
      author         = "'t Hooft, Gerard and Itzykson, C. and Jaffe, A. and
                        Lehmann, H. and Mitter, P. K. and Singer, I. M. and Stora,
                        R.",
      title          = "{Recent Developments in Gauge Theories. Proceedings, Nato
                        Advanced Study Institute, Cargese, France, August 26 -
                        September 8, 1979}",
      journal        = "NATO Sci. Ser. B",
      volume         = "59",
      year           = "1980",
      pages          = "pp.1-438",
      doi            = "10.1007/978-1-4684-7571-5",
      SLACcitation   = "%%CITATION = INSPIRE-161902;%%"
}

@article{doi:10.1143/PTP.36.1266,
  author = {Miyazawa, Hironari},
  title = {Baryon Number Changing Currents*},
  journal = {Progress of Theoretical Physics},
  volume = {36},
  number = {6},
  pages = {1266-1276},
  year = {1966},
  doi = {10.1143/PTP.36.1266},
  URL = { + http://dx.doi.org/10.1143/PTP.36.1266},
  eprint = {/oup/backfile/content_public/journal/ptp/36/6/10.1143/ptp.36.1266/2/36-6-1266.pdf}
}

@article{VOLKOV1973109,
  title = "Is the neutrino a goldstone particle?",
  journal = "Physics Letters B",
  volume = "46",
  number = "1",
  pages = "109 - 110",
  year = "1973",
  issn = "0370-2693",
  doi = "https://doi.org/10.1016/0370-2693(73)90490-5",
  url = "http://www.sciencedirect.com/science/article/pii/0370269373904905",
  author = "D.V. Volkov and V.P. Akulov"
}

@article{ArkaniHamed:1998rs,
      author         = "Arkani-Hamed, Nima and Dimopoulos, Savas and Dvali, G.
                        R.",
      title          = "{The Hierarchy problem and new dimensions at a
                        millimeter}",
      journal        = "Phys. Lett.",
      volume         = "B429",
      year           = "1998",
      pages          = "263-272",
      doi            = "10.1016/S0370-2693(98)00466-3",
      eprint         = "hep-ph/9803315",
      archivePrefix  = "arXiv",
      primaryClass   = "hep-ph",
      reportNumber   = "SLAC-PUB-7769, SU-ITP-98-13",
      SLACcitation   = "%%CITATION = HEP-PH/9803315;%%"
}

@article{Randall:1999ee,
      author         = "Randall, Lisa and Sundrum, Raman",
      title          = "{A Large mass hierarchy from a small extra dimension}",
      journal        = "Phys. Rev. Lett.",
      volume         = "83",
      year           = "1999",
      pages          = "3370-3373",
      doi            = "10.1103/PhysRevLett.83.3370",
      eprint         = "hep-ph/9905221",
      archivePrefix  = "arXiv",
      primaryClass   = "hep-ph",
      reportNumber   = "MIT-CTP-2860, PUPT-1860, BUHEP-99-9",
      SLACcitation   = "%%CITATION = HEP-PH/9905221;%%"
}

@article{Golfand:1971iw,
      author         = "Golfand, {\relax Yu}. A. and Likhtman, E. P.",
      title          = "{Extension of the Algebra of Poincare Group Generators
                        and Violation of p Invariance}",
      journal        = "JETP Lett.",
      volume         = "13",
      year           = "1971",
      pages          = "323-326",
      note           = "[Pisma Zh. Eksp. Teor. Fiz. 13  (1971) 452]",
      SLACcitation   = "%%CITATION = JTPLA,13,323;%%"
}


@article{Volkov:1973ix,
      author         = "Volkov, D. V. and Akulov, V. P.",
      title          = "{Is the Neutrino a Goldstone Particle?}",
      journal        = "Phys. Lett. B",
      volume         = "46",
      year           = "1973",
      pages          = "109-110",
      doi            = "10.1016/0370-2693(73)90490-5",
      SLACcitation   = "%%CITATION = PHLTA,B46,109;%%"
}

@article{Wess:1974tw,
      author         = "Wess, J. and Zumino, B.",
      title          = "{Supergauge Transformations in Four-Dimensions}",
      journal        = "Nucl. Phys. B",
      volume         = "70",
      year           = "1974",
      pages          = "39-50",
      doi            = "10.1016/0550-3213(74)90355-1",
      SLACcitation   = "%%CITATION = NUPHA,B70,39;%%"
}

@article{Salam:1974ig,
      author         = "Salam, Abdus and Strathdee, J. A.",
      title          = "{Supersymmetry and Nonabelian Gauges}",
      journal        = "Phys. Lett. B",
      volume         = "51",
      year           = "1974",
      pages          = "353-355",
      doi            = "10.1016/0370-2693(74)90226-3",
      reportNumber   = "IC/74/36",
      SLACcitation   = "%%CITATION = PHLTA,B51,353;%%"
}

@article{Wess:1974jb,
      author         = "Wess, J. and Zumino, B.",
      title          = "{Supergauge Invariant Extension of Quantum
                        Electrodynamics}",
      journal        = "Nucl. Phys. B",
      volume         = "78",
      year           = "1974",
      pages          = "1",
      doi            = "10.1016/0550-3213(74)90112-6",
      reportNumber   = "CERN-TH-1857",
      SLACcitation   = "%%CITATION = NUPHA,B78,1;%%"
}

@article{Ferrara:1974pu,
      author         = "Ferrara, S. and Zumino, B.",
      title          = "{Supergauge Invariant Yang-Mills Theories}",
      journal        = "Nucl. Phys. B",
      volume         = "79",
      year           = "1974",
      pages          = "413",
      doi            = "10.1016/0550-3213(74)90559-8",
      reportNumber   = "CERN-TH-1866",
      SLACcitation   = "%%CITATION = NUPHA,B79,413;%%"
}


@techreport{Collaboration:2779224,
      author        = "ATLAS TDAQ Collaboration",
      title         = "{Technical Design Report for the Phase-II Upgrade of the
                       ATLAS Trigger and Data Acquisition System - EF Tracking
                       Amendment}",
      institution   = "CERN",
      address       = "Geneva",
      reportNumber  = "ATL-COM-DAQ-2021-048",
      month         = "Aug",
      year          = "2021",
      url           = "https://cds.cern.ch/record/2779224",
      note          = "For internal review by the extended TDAQ Steering Group.",
}

@article{CMS:2019san,
    author = "Sirunyan, Albert M and others",
    collaboration = "CMS",
    title = "{Search for supersymmetry with a compressed mass spectrum in the vector boson fusion topology with 1-lepton and 0-lepton final states in proton-proton collisions at $\sqrt{s}=$ 13 TeV}",
    eprint = "1905.13059",
    archivePrefix = "arXiv",
    primaryClass = "hep-ex",
    reportNumber = "CMS-SUS-17-007, CERN-EP-2019-093",
    doi = "10.1007/JHEP08(2019)150",
    journal = "JHEP",
    volume = "08",
    pages = "150",
    year = "2019"
}

@article{ATLAS:2019lng,
    author = "Aad, Georges and others",
    collaboration = "ATLAS",
    title = "{Searches for electroweak production of supersymmetric particles with compressed mass spectra in $\sqrt{s}=$ 13 TeV $pp$ collisions with the ATLAS detector}",
    eprint = "1911.12606",
    archivePrefix = "arXiv",
    primaryClass = "hep-ex",
    reportNumber = "CERN-EP-2019-242",
    doi = "10.1103/PhysRevD.101.052005",
    journal = "Phys. Rev. D",
    volume = "101",
    number = "5",
    pages = "052005",
    year = "2020"
}

@article{PhysRevLett.126.141801,
  title = {Measurement of the Positive Muon Anomalous Magnetic Moment to 0.46 ppm},
  author = {Abi, B. and others},
  collaboration = {Muon $g\ensuremath{-}2$ Collaboration},
  journal = {Phys. Rev. Lett.},
  volume = {126},
  issue = {14},
  pages = {141801},
  numpages = {11},
  year = {2021},
  month = {Apr},
  publisher = {American Physical Society},
  doi = {10.1103/PhysRevLett.126.141801},
  url = {https://link.aps.org/doi/10.1103/PhysRevLett.126.141801}
}

@article{Chakraborti:2021dli,
    author = "Chakraborti, Manimala and Heinemeyer, Sven and Saha, Ipsita",
    title = "{The new ''MUON G-2'' Result and Supersymmetry}",
    eprint = "2104.03287",
    archivePrefix = "arXiv",
    primaryClass = "hep-ph",
    reportNumber = "IFT-UAM/CSIC-21-033",
    month = "4",
    year = "2021"
}

@inproceedings{Bose:2022obr,
    author = "Bose, Tulika and others",
    title = "{Report of the Topical Group on Physics Beyond the Standard Model at Energy Frontier for Snowmass 2021}",
    booktitle = "{2022 Snowmass Summer Study}",
    eprint = "2209.13128",
    archivePrefix = "arXiv",
    primaryClass = "hep-ph",
    month = "9",
    year = "2022"
}

@article{Gardner:2022ija,
    author = "Gardner, Robert and others",
    title = "{Background Monte Carlo Samples for a Future Hadron Collider}",
    eprint = "2209.03505",
    archivePrefix = "arXiv",
    primaryClass = "hep-ex",
    month = "9",
    year = "2022"
}

@article{Black:2022cth,
    author = "Black, K. M. and others",
    title = "{Muon Collider Forum Report}",
    eprint = "2209.01318",
    archivePrefix = "arXiv",
    primaryClass = "hep-ex",
    reportNumber = "FERMILAB-FN-1194",
    month = "9",
    year = "2022"
}

@article{Bailey:2022tdz,
    author = "Bailey, Stephen and others",
    title = "{Data and Analysis Preservation, Recasting, and Reinterpretation}",
    eprint = "2203.10057",
    archivePrefix = "arXiv",
    primaryClass = "hep-ph",
    month = "3",
    year = "2022"
}

@inproceedings{Dasu:2022nux,
    author = "Dasu, Sridhara and others",
    title = "{Strategy for Understanding the Higgs Physics: The Cool Copper Collider}",
    booktitle = "{2022 Snowmass Summer Study}",
    eprint = "2203.07646",
    archivePrefix = "arXiv",
    primaryClass = "hep-ex",
    reportNumber = "SLAC-PUB-17661, FERMILAB-CONF-22-311-AD-PPD-SCD-SQMS-TD",
    month = "3",
    year = "2022"
}

@article{Aime:2022flm,
    author = "Aime, Chiara and others",
    title = "{Muon Collider Physics Summary}",
    eprint = "2203.07256",
    archivePrefix = "arXiv",
    primaryClass = "hep-ph",
    reportNumber = "FERMILAB-PUB-22-377-PPD",
    month = "3",
    year = "2022"
}

@article{MuonCollider:2022xlm,
    author = "de Blas, Jorge and others",
    collaboration = "Muon Collider",
    title = "{The physics case of a 3 TeV muon collider stage}",
    eprint = "2203.07261",
    archivePrefix = "arXiv",
    primaryClass = "hep-ph",
    reportNumber = "FERMILAB-CONF-22-317-AD-ND-PPD-SCD-TD",
    month = "3",
    year = "2022"
}

@inproceedings{Assamagan:2022oka,
    author = "Assamagan, K. A. and others",
    title = "{Accessibility in High Energy Physics: Lessons from the Snowmass Process}",
    booktitle = "{2022 Snowmass Summer Study}",
    eprint = "2203.08748",
    archivePrefix = "arXiv",
    primaryClass = "physics.ed-ph",
    month = "3",
    year = "2022"
}

