@misc{diversitypage,
  title={McGill Physics EDI Resources},
  url={https://www.physics.mcgill.ca/edi/resources.html},
  journal={Resources},
  author={McGill University}, year={2022}, month={Oct}
}

@misc{campusplan,
  title={EDI Strategic Plan 2022 | Desautels Faculty of Management - McGill University},
  url={https://www.mcgill.ca/desautels/about/equity-diversity-and-inclusion/edi-strategic-plan-2022},
  journal={EDI Strategic Plan 2022},
  author={McGill University}, year={2022}, month={Oct}
}
