@misc{diversitypage,
  title={Diversity \& Inclusion in MIT Physics | MIT Physics},
  url={https://physics.mit.edu/about-physics/diversity-inclusion-in-mit-physics/},
  journal={Diversity \& Inclusion in MIT Physics},
  author={Massachusetts Institute of Technology}, year={2022}, month={Oct}
}

@misc{communityvalues,
  title={Community Values | MIT Physics},
  url={https://physics.mit.edu/about-physics/community-values/},
  journal={Community Values},
  author={Massachusetts Institute of Technology}, year={2022}, month={Oct}
}
