@misc{diversitypage,
  title={Diversity \& Inclusion | About | Department of Physics and Astronomy | University of Notre Dame},
  url={https://physics.nd.edu/about/diversity-inclusion/},
  journal={Diversity Statement},
  author={University of Notre Dame}, year={2023}, month={Oct}
}

@misc{campusplan,
  title={Diversity and Inclusion // University of Notre Dame},
  url={https://diversity.nd.edu/},
  journal={Diversity and Inclusion},
  author={University of Notre Dame}, year={2023}, month={Oct}
}
