@misc{diversitypage,
  title={Department of Physics Equity and Inclusion Committee},
  url={https://as.nyu.edu/departments/physics/information/equity-and-inclusion.html},
  journal={Resources},
  author={New York University}, year={2023}, month={Oct}
}

@misc{campusplan,
  title={Global Inclusion and Diversity},
  url={https://www.nyu.edu/life/global-inclusion-and-diversity.html},
  journal={Resources},
  author={New York University}, year={2023}, month={Oct}
}
