@misc{diversitypage,
  title={Diversity | Department of Physics and Astronomy},
  url={https://www.stonybrook.edu/commcms/physics/about/diversity.php},
  journal={Diversity and Inclusion},
  author={Stony Brook University}, year={2022}, month={Oct}
}

@misc{campusplan,
  title={Read the Plan | Diversity at Stony Brook},
  url={https://www.stonybrook.edu/commcms/cdo/plan/index.php},
  journal={STONY BROOK UNIVERSITY PLAN FOR EQUITY, INCLUSION AND DIVERSITY},
  author={Stony Brook University}, year={2022}, month={Oct}
}
