@misc{buf_actionplan,
  title={Moving Forward Together | SMU (Southern Methodist University)},
  url={https://www.smu.edu/DiversityInclusion/Moving-Forward-Together},
  journal={Moving Forward Together},
  author={ODI}, year={2022}, month={Oct}
}
