@misc{diversitypage,
  title={Equity and Inclusion | Physics Department},
  url={https://physics.stanford.edu/equity-and-inclusion},
  journal={Equity and Inclusion},
  author={Stanford University}, year={2022}, month={Oct}
}

@misc{campusplan,
  title={IDEAL},
  url={https://ideal.stanford.edu/},
  journal={Inclusion, Diversity, Equity & Access in a Learning Environment},
  author={Stanford University}, year={2022}, month={Oct}
}
