@misc{diversitypage,
  title={Inclusion in Physics and Astronomy | UCI Physics and Astronomy},
  url={https://www.physics.uci.edu/inclusion},
  journal={Inclusion in Physics and Astronomy},
  author={University of California, Irvine}, year={2023}, month={Oct}
}

@misc{campusplan,
  title={Diversity Resources | UCI},
  url={https://uci.edu/diversity/index.php},
  journal={Diversity Resources},
  author={University of California, Irvine}, year={2023}, month={Oct}
}
