@misc{diversitypage,
  title={Office for Diversity, Equity, and Inclusion},
  url={https://diversity.ucsc.edu/},
  journal={Office for Diversity, Equity, and Inclusion},
  author={UCSC}, year={2024}, month={May}
}

@misc{diversitypagephysics,
  title={Community Outreach - Santa Cruz Institute for Particle Physics},
  url={https://scipp.science.ucsc.edu/outreach/},
  journal={Community Outreach},
  author={Santa Cruz Institute for Particle Physics}, year={2024}, month={May}
}

@misc{communityvalues,
  title={Diversity, Equity, and Inclusion},
  url={https://apo.ucsc.edu/diversity.html},
  journal={Academic Personnel Office},
  author={UC Santa Cruz}, year={2024}, month={May}
}
