@misc{diversitypagehdsi,
  title={Diversity, Equity and Inclusion | Hal覺c覺oglu Data Science Institute},
  url={https://datascience.ucsd.edu/about/dei/},
  journal={Diversity, Equity and Inclusion | Hal覺c覺oglu Data Science Institute},
  author={HDSI UCSD}, year={2022}, month={Nov}
}

@misc{diversitypagephysics,
  title={UC San Diego Physics Outreach},
  url={https://outreach.physics.ucsd.edu/},
  journal={UC San Diego Physics Outreach},
  author={UCSD Physics}, year={2022}, month={Nov}
}

@misc{communityvalues,
  title={Principles of Community},
  url={https://ucsd.edu/about/principles.html},
  journal={UC San Diego Principles of Community},
  author={UC San Diego}, year={2022}, month={Nov}
}
