@misc{diversitypage,
  title={Physics Inclusion Diversity and Equity Alliance (Physics IDEA)},
  url={https://www.phys.ufl.edu/wp/index.php/department/physics-inclusion-diversity-and-equity-alliance-physics-idea/},
  journal={Physics Inclusion Diversity and Equity Alliance (Physics IDEA)},
  author={University of Florida}, year={2022}, month={Oct}
}

@misc{campusplan,
  title={Diversity, Equity and Inclusion | University of Florida},
  url={https://www.ufl.edu/about/diversity/},
  journal={INCLUSIVE EXCELLENCE AT UF},
  author={University of Florida}, year={2022}, month={Oct}
}
