@misc{diversitypageuvic,
  title={Equity, diversity \& inclusion initiatives - VPAC - UVic},
  url={https://www.uvic.ca/vpacademic/about-contacts/equity-diversity-inclusion/index.php},
  author={Vice-President Academic and Provost}, year={2023}, month={Jul}
}

@misc{equityactionplan,
  title={Advancing equity action - Equity Action Plan - UVic},
  url={https://www.uvic.ca/equity-action-plan/index.php},
  author={University of Victoria}, year={2023}, month={Jul}
}
